@book{patterson,
	title={Computer organization and design: the hardware software interface},
	author={Patterson, David A and Hennessy, John L},
	edition={4th},
	year={2009},
	publisher={Morgan kaufmann}
}

